
@article{centola_spontaneous_2015,
	title = {The spontaneous emergence of conventions: {An} experimental study of cultural evolution},
	volume = {112},
	number = {7},
	pages = {1984--1999},
	journal = {Proceedings of the National Academy of Sciences},
	author = {Centola, D. and Baronchelli, A.},
	year = {2015}
}

@article{montanari_spread_2010,
	title = {The spread of innovations in social networks},
	 volume={107},
  number={47},
  pages={20196--20201},
	journal = {Proceedings of the National Academy of Sciences},
	author = {Montanari, A and Saberi, A.},
	year = {2010}
}


@inproceedings{danescu-niculescu-mizil_no_2013,
	title = {No country for old members: {User} lifecycle and linguistic change in online communities},
	shorttitle = {No country for old members},
	url = {http://dl.acm.org/citation.cfm?id=2488416},
	urldate = {2015-03-07},
	booktitle = {Proceedings of the 22nd international conference on {World} {Wide} {Web}},
	author = {Danescu-Niculescu-Mizil, C. and West, R. and Jurafsky, D. and Leskovec, J. and Potts, C.},
	year = {2013},
	pages = {307--318}
}




@inproceedings{kooti_predicting_2012,
	title = {Predicting emerging social conventions in online social networks},
	booktitle = {Proceedings of the 21st {ACM} international conference on {Information} and knowledge management},
	author = {Kooti, F. and Winte, M. A. and Krishna, G. P. and Cha, M.},
	year = {2012},
	pages = {445--454}
}

@article{young_dynamics_2011,
	title = {The dynamics of social innovation},
	volume={108},
  number={Supplement 4},
  pages={21285--21291},
	journal = {Proceedings of the National Academy of Sciences},
	author = {Young, H. P.},
	year = {2011}
}